
@inproceedings{DBLP:conf/mpc/000106,
  author    = {Andreas Abel},
  title     = {Implementing a Normalizer Using Sized Heterogeneous Types},
  booktitle = {Workshop on Mathematically Structured Functional Programming, MSFP@MPC
               2006, Kuressaare, Estonia, July 2, 2006.},
  year      = {2006},
  crossref  = {DBLP:conf/mpc/2006msfp},
  url       = {http://ewic.bcs.org/content/ConWebDoc/5336},
  timestamp = {Tue, 03 Jan 2017 16:54:22 +0100},
  biburl    = {http://dblp.uni-trier.de/rec/bib/conf/mpc/000106},
  bibsource = {dblp computer science bibliography, http://dblp.org}
}

@proceedings{DBLP:conf/mpc/2006msfp,
  editor    = {Conor McBride and
               Tarmo Uustalu},
  title     = {Workshop on Mathematically Structured Functional Programming, MSFP@MPC
               2006, Kuressaare, Estonia, July 2, 2006},
  series    = {Workshops in Computing},
  publisher = {{BCS}},
  year      = {2006},
  url       = {http://ewic.bcs.org/category/16615},
  timestamp = {Tue, 03 Jan 2017 16:54:22 +0100},
  biburl    = {http://dblp.uni-trier.de/rec/bib/conf/mpc/2006msfp},
  bibsource = {dblp computer science bibliography, http://dblp.org}
}


@Article{deBruijn:dummies,
  author = 	 {Nicolas G. de~Bruijn},
  title = 	 "{Lambda Calculus notation with nameless dummies: a tool for automatic formula manipulation}",
  journal = 	 {Indagationes Mathematic{\ae}},
  year = 	 {1972},
  OPTkey = 	 {},
  volume =	 {34},
  OPTnumber = 	 {},
  pages =	 {381--392},
  OPTmonth = 	 {},
  OPTnote = 	 {},
  OPTannote = 	 {}
}

@MISC{Goguen97candidatesfor,
    author = {Healfdene Goguen and James Mckinna},
    title = {Candidates for Substitution},
    year = {1997}
}

@inproceedings{DBLP:conf/icfp/KellerA10,
  author    = {Chantal Keller and
               Thorsten Altenkirch},
  title     = {Hereditary Substitutions for Simple Types, Formalized},
  booktitle = {Proceedings of the 3rd {ACM} {SIGPLAN} Workshop on Mathematically
               Structured Functional Programming, MSFP@ICFP 2010, Baltimore, MD,
               USA, September 25, 2010.},
  pages     = {3--10},
  year      = {2010},
  crossref  = {DBLP:conf/icfp/2010msfp},
  url       = {http://doi.acm.org/10.1145/1863597.1863601},
  doi       = {10.1145/1863597.1863601},
  timestamp = {Tue, 03 Jan 2017 16:57:45 +0100},
  biburl    = {http://dblp.uni-trier.de/rec/bib/conf/icfp/KellerA10},
  bibsource = {dblp computer science bibliography, http://dblp.org}
}

@proceedings{DBLP:conf/icfp/2010msfp,
  editor    = {Venanzio Capretta and
               James Chapman},
  title     = {Proceedings of the 3rd {ACM} {SIGPLAN} Workshop on Mathematically
               Structured Functional Programming, MSFP@ICFP 2010, Baltimore, MD,
               USA, September 25, 2010},
  publisher = {{ACM}},
  year      = {2010},
  url       = {http://doi.acm.org/10.1145/1863597},
  doi       = {10.1145/1863597},
  isbn      = {978-1-4503-0255-5},
  timestamp = {Tue, 03 Jan 2017 16:57:13 +0100},
  biburl    = {http://dblp.uni-trier.de/rec/bib/conf/icfp/2010msfp},
  bibsource = {dblp computer science bibliography, http://dblp.org}
}


@article{martinloef:atheoryoftypes,
  title={{A theory of types}},
  author={Martin-L{\"o}f, Per},
  journal={Unpublished manuscript},
  year={1971}
}

@phdthesis{DBLP:phd/ethos/McBride00,
  author    = {Conor McBride},
  title     = {Dependently typed functional programs and their proofs},
  school    = {University of Edinburgh, {UK}},
  year      = {2000},
  url       = {http://hdl.handle.net/1842/374},
  timestamp = {Mon, 26 Sep 2016 17:14:49 +0200},
  biburl    = {http://dblp.uni-trier.de/rec/bib/phd/ethos/McBride00},
  bibsource = {dblp computer science bibliography, http://dblp.org}
}

@article{DBLP:journals/toplas/PierceT00,
  author    = {Benjamin C. Pierce and
               David N. Turner},
  title     = {Local type inference},
  journal   = {{ACM} Trans. Program. Lang. Syst.},
  volume    = {22},
  number    = {1},
  pages     = {1--44},
  year      = {2000},
  timestamp = {Wed, 26 Nov 2003 14:26:46 +0100},
  biburl    = {http://dblp.uni-trier.de/rec/bib/journals/toplas/PierceT00},
  bibsource = {dblp computer science bibliography, http://dblp.org}
}

@inproceedings{DBLP:conf/types/WatkinsCPW03,
  author    = {Kevin Watkins and
               Iliano Cervesato and
               Frank Pfenning and
               David Walker},
  title     = {A Concurrent Logical Framework: The Propositional Fragment},
  booktitle = {Types for Proofs and Programs, International Workshop, {TYPES} 2003,
               Torino, Italy, April 30 - May 4, 2003, Revised Selected Papers},
  pages     = {355--377},
  year      = {2003},
  crossref  = {DBLP:conf/types/2003},
  timestamp = {Thu, 07 Jul 2011 15:47:34 +0200},
  biburl    = {http://dblp.uni-trier.de/rec/bib/conf/types/WatkinsCPW03},
  bibsource = {dblp computer science bibliography, http://dblp.org}
}

@proceedings{DBLP:conf/types/2003,
  editor    = {Stefano Berardi and
               Mario Coppo and
               Ferruccio Damiani},
  title     = {Types for Proofs and Programs, International Workshop, {TYPES} 2003,
               Torino, Italy, April 30 - May 4, 2003, Revised Selected Papers},
  series    = {Lecture Notes in Computer Science},
  volume    = {3085},
  publisher = {Springer},
  year      = {2004},
  timestamp = {Fri, 04 Jun 2004 11:04:11 +0200},
  biburl    = {http://dblp.uni-trier.de/rec/bib/conf/types/2003},
  bibsource = {dblp computer science bibliography, http://dblp.org}
}

